@inproceedings{TweetTaglish,
    author={M. Herrera, and A. Aich, and N. Parde},
    title = {TweetTaglish: A Dataset for Investigating Tagalog-English Code-Switching},
    booktitle = {Proceedings of the Thirteenth Language Resources and Evaluation Conference},
    pages = {2090--2097},
    address = {Marseille, France},
    publisher = {European Language Resources Association},
    year = {2022},
    URL = {https://aclanthology.org/2022.lrec-1.225/}
}

@inproceedings{Cutter,
    author={J. Graën, and M. Bertamini, and M. Volk},
    title = {Cutter – a Universal Multilingual Tokenizer},
    booktitle = {Swiss Text Analytics Conference},
    pages = {2090--2097},
    address = {Winterthur, 12 June 2018 - 13 June 2018},
    publisher = {CEUR-WS},
    year = {2018},
    URL = {https://doi.org/10.5167/uzh-157243}
}

@inproceedings{ChemTok,
    author={A. Akkasi, and E. Varoğlu, and N. Dimililer},
    title = {ChemTok: A New Rule Based Tokenizer for Chemical Named Entity Recognition},
    booktitle = {BioMed Research International},
    pages = {1--9},
    year = {2016},
    URL = {https://doi.org/10.1155/2016/4248026}
}

@inproceedings{Ugnayan,
    author={A. Aquino, and F. de Leon},
    title = {Parsing in the absence of related languages: Evaluating low-resource dependency parsers on Tagalog},
    booktitle = {Proceedings of the Fourth Workshop on Universal Dependencies (UDW 2020)},
    pages = {8--15},
    address = {Barcelona, Spain (Online)},
    publisher = {Association for Computational Linguistics},
    year = {2020},
    URL = {https://aclanthology.org/2020.udw-1.2.pdf}
}

@inproceedings{corpusSizeA,
    author={D. Biber},
    title = {Representativeness in Corpus Design},
    booktitle = {Literary and Linguistic Computing},
    volume = {8},
    number = {4},
    pages = {243-257},
    publisher = {Association for Computational Linguistics},
    year = {1993},
}

@inproceedings{corpusSizeB,
    author={D. Biber, and J. Jones},
    title = {61. Quantitative methods in corpus linguistics},
    booktitle = {Lüdeling & M. Kytö (Ed.), Volume 2: An International Handbook},
    pages = {1286-1304},
    address = {Berlin, New York},
    publisher = {De Gruyter Mouton},
    year = {2009},
    URL = {https://doi.org/10.1515/9783110213881.2.1286}
}

@inproceedings{corpusSizeC,
    author={T. McEnery, and A. Wilson},
    title = {Corpus linguistics},
    booktitle = {Davies G. (ed.) Information and Communications Technology for Language Teachers (ICT4LT)},
    pages = {1286-1304},
    address = {Slough, Thames Valley University [Online]},
    publisher = {De Gruyter Mouton},
    year = {2012},
    URL = {http://www.ict4lt.org/en/en_mod3-4.htm}
}

@inproceedings{perEvalMetrics,
    author={C. Bhargava, and S. Poornima, and S. Mahur, and M. Pushpalatha},
    title = {Depression Detection Using Sentiment Analysis of Tweets},
    booktitle = {Turkish Journal of Computer and Mathematics Education},
    volume = {12},
    number = {11},
    pages = {5411-5418},
    address = {Slough, Thames Valley University [Online]},
    publisher = {De Gruyter Mouton},
    year = {2021},
}

@inproceedings{tagDictScraper,
    author={R. Francisco, and A. M. Asis},
    title = {Tagalog Dictionary Scraper},
    booktitle = {GitHub repository},
    year = {2023},
    URL = {https://github.com/raymelon/tagalog-dictionary-scraper}
}

@inproceedings{TRG,
    author={S. D. Samson},
    title = {A treebank prototype of Tagalog},
    booktitle = {Bachelor’s thesis},
    address = {Germany},
    publisher = {University of Tübingen},
    year = {2018},
}

@inproceedings{Python,
    author={L. Villapando, and J. Samaniego},
    title = { SApp: Data Visualization and Sentiment Analysis Tool From Twitter Data},
    year = {2023},
    URL = {https://lib.ics.uplb.edu.ph/research_paper/1691638468_2023-07_Villapando_Samaniego.pdf}
}

@inproceedings{Sudachi,
    author={K. Takaoka, and  S. Hisamoto, and N. Kawahara, and M. Sakamoto, and Y. Uchida, and Y. Matsumoto},
    title = {Sudachi: a Japanese Tokenizer for Business},
    booktitle = {Proceedings of the Eleventh International Conference on Language Resources and Evaluation (LREC 2018)},
    address = {Miyazaki, Japan},
    publisher = { European Language Resources Association (ELRA)},
    year = {2018},
    URL = {https://aclanthology.org/L18-1355.pdf}
}

@inproceedings{FleissKappa,
    author={J.L. Fleiss},
    title = {Measuring nominal scale agreement among many raters},
    booktitle = {Psychological Bulletin},
    volume = {76},
    number = {5},
    pages = {378-382},
    year = {1971},
}

@inproceedings{TagalogVariants,
    author={R. Gordon},
    title = {Ethnologue: Languages of the world},
    booktitle = {SIL International},
    address = {Dallas},
    pages = {1272},
    year = {2005},
    ISBN = {155671159X}
}

@inproceedings{NewsPH-NLI,
    author={J. C. B. Cruz and J. K. Resabal and J. Lin and D. J. Velasco, and C. Cheng},
    title = {Exploiting News Article Structure for Automatic Corpus Generation of Entailment Datasets},
    booktitle = {Pacific Rim International Conference on Artificial Intelligence},
    year = {2020},
    URL = {https://doi.org/10.48550/arXiv.2010.11574}
}

@misc{TLUnified-NER,
  title={Developing a Named Entity Recognition Dataset for Tagalog}, 
  author={L. J. Miranda},
  year={2023},
  eprint={2311.07161},
  archivePrefix={arXiv},
  primaryClass={cs.CL}
}

@misc{CSV&JSON,
  title={JSON vs CSV: What is the difference and what should I use?}, 
  author={JSON Editor Online},
  year={2023},
  URL={https://jsoneditoronline.org/indepth/compare/json-vs-csv/},
}

@book{Python3,
 author = {G. Van Rossum and J. L. Drake},
 title = {Python 3 Reference Manual},
 year = {2009},
 isbn = {1441412697},
 publisher = {CreateSpace},
 address = {Scotts Valley, CA}
}

@inproceedings{NLPHist,
    author = {K. Foote},
    title = {A Brief History of Natural Language Processing}, 
    publisher = {Dataversity Digital LLC},
    year = {2023},
    URL = {https://www.dataversity.net/a-brief-history-of-natural-language-processing-nlp/}
}

@inproceedings{NLPInPH,
    author = {R. E. Roxas and J. M. Imperial and A. De La Cruz},
    title = {Science Mapping of Publications in Natural Language Processing in the Philippines: 2006 to 2020}, 
    booktitle = {Proceedings of the 35th Pacific Asia Conference on Language, Information and Computation},
    pages = {500-509},
    address = {Shanghai, China},
    publisher = {Association for Computational Linguistics (ACL)},
    year = {2021},
    URL = {https://aclanthology.org/2021.paclic-1.76/}
}

@inproceedings{TokenizationInKnowledge,
    author = {R. Friendman},
    title = {Tokenization in the Theory of Knowledge}, 
    booktitle = {Encyclopedia},
    volume = {3},
    number = {1},
    pages = {380-386},
    year = {2023},
    URL = {https://doi.org/10.3390/encyclopedia3010024}
}

@inproceedings{TokenizationForIRS,
    author = {V. Singh and B. Saini},
    title = {An Effective Tokenization Algorithm for Information Retrieval Systems}, 
    booktitle = {Proceedings of the First International Conference on Data Mining (DMIN-2014)},
    address = {Royal Archid, Banglore, India},
    year = {2014},
    URL = {https://doi.org/10.5121/csit.2014.4910}
}

@book{KWFManwal,
 author = {V. S. Almario},
 title = {KWF Manwal sa Masinop Na Pagsulat (Ser. Aklat ng bayan)},
 year = {2015},
 publisher = {Komisyon sa Wikang Filipino},
 URL = {https://kwf.gov.ph/wp-content/uploads/MMP_Full.pdf}
}

@misc{LearningTagalog,
  title={Essential tagalog grammar: A reference for learners of Tagalog.}, 
  author={F. De Vos},
  year={2011},
  publisher = {Learning Tagalog},
  URL={https://learningtagalog.com/grammar/verbs/pseudoverbs/\repeated_pseudoverbs.html},
}

@misc{ISO8601,
  title={ISO 8601 - date and Time Format}, 
  author={International Organization for Standardization},
  year={2020},
  publisher = {ISO},
  URL={https://www.iso.org/iso-8601-date-and-time-format.html},
}

@misc{PhilAtlas,
  title={Welcome to PhilAtlas.}, 
  author={PhilAtlas},
  year={2025},
  URL={https://www.philatlas.com},
}

@misc{OrgAcronyms,
  title={BESF2024 - Acronyms}, 
  author={Department of Budget and Management},
  year={2024},
  URL={https://www.dbm.gov.ph/wp-content/uploads/BESF/BESF2024/ACRONYMS.pdf},
}

@misc{DBM-OCIO,
  title={Result of Validation of DBM-OCIO for Transparency Seal}, 
  author={Department of Budget and Management},
  year={2023},
  URL={https://www.dbm.gov.ph/index.php/result-of-validation-of-dbm-ocio-for-transparency-seal},
}

@misc{NGO,
  title={Accredited NGO}, 
  author={Philippine Council for NGO Certification},
  year={2025},
  URL={https://pcnc.com.ph/accredited-ngos/},
}

@inproceedings{nameDatabase,
    author = {P. Remy},
    title = {First and Last Name Database},
    booktitle = {GitHub repository},
    year = {2021},
    URL = {https://github.com/philipperemy/name-dataset}
}

@inproceedings{popNameDatabase,
    author = {J. I. Villanueva},
    title = {Most Popular Names in the Philippines Dataset},
    booktitle = {Kaggle},
    year = {2023},
    URL = {https://www.kaggle.com/datasets/jorizivannvillanueva/most-popular-names-in-philippines-dataset?resource=download}
}

@inproceedings{filCelebs,
    author = {Boo Enterprises, Inc.},
    title = {Filipino Actors / Actresses Celebrities},
    year = {2025},
    booktitle = {BooWorld},
    URL = {https://boo.world/database/celebrities/filipino-actors-actresses-celebrities}
}

@misc{worldLeaders,
  title = {World Leaders - Historical Data}, 
  author = {Central Intelligence Agency},
  year = {2025},
  URL = {https://www.cia.gov/resources/world-leaders/historical-data/},
}

@misc{Senators,
  title = {List of Previous Senators}, 
  author = {Senate of the Philippines},
  year = {2022},
  URL = {https://legacy.senate.gov.ph/senators/senlist.asp},
}

@misc{PhilStar,
  title = {Pilipino Star Ngayon}, 
  author = {PhilStar},
  year = {2025},
  URL = {https://www.philstar.com/pilipino-star-ngayon/},
}

